@inproceedings{DBLP:conf/bpm/BalaCMRP,
  author    = {Saimir Bala and
               Cristina Cabanillas and
               Jan Mendling and
               Andreas Rogge{-}Solti and
               Axel Polleres},
  title     = {Mining Project-Oriented Business Processes},
  booktitle = {{BPM}},
  series    = {LNCS},
  volume    = {9253},
  pages     = {425--440},
  publisher = {Springer},
  year      = {2015}
}
@book{bourque2014guide,
  title={Guide to the software engineering body of knowledge (SWEBOK (R)): Version 3.0},
  author={Bourque, Pierre and Fairley, Richard E and others},
  year={2014},
  publisher={IEEE Computer Society Press}
}
@inproceedings{DBLP:conf/bpm/JookenCJ19,
  author    = {Leen Jooken and
               Mathijs Creemers and
               Mieke Jans},
  title     = {Extracting a Collaboration Model from {VCS} Logs Based on Process
               Mining Techniques},
  booktitle = {Business Process Management Workshops},
  series    = {LNBIP},
  volume    = {362},
  pages     = {212--223},
  publisher = {Springer},
  year      = {2019}
}

@inproceedings{DBLP:conf/msr/0001W04,
  author    = {Thomas Zimmermann and
               Peter Wei{\ss}gerber},
  title     = {Preprocessing {CVS} Data for Fine-Grained Analysis},
  booktitle = {{MSR}},
  pages     = {2--6},
  year      = {2004}
}


@article{DBLP:journals/tse/ZimmermannWDZ05,
  author    = {Thomas Zimmermann and
               Peter Wei{\ss}gerber and
               Stephan Diehl and
               Andreas Zeller},
  title     = {Mining Version Histories to Guide Software Changes},
  journal   = {{IEEE} Trans. Software Eng.},
  volume    = {31},
  number    = {6},
  pages     = {429--445},
  year      = {2005}
}


@inproceedings{DBLP:conf/iwpse/OlivaSGS11,
  author    = {Gustavo Ansaldi Oliva and
               Francisco W. Santana and
               Marco Aur{\'{e}}lio Gerosa and
               Cleidson R. B. de Souza},
  title     = {Towards a classification of logical dependencies origins: a case study},
  booktitle = {{EVOL/IWPSE}},
  pages     = {31--40},
  publisher = {{ACM}},
  year      = {2011}
}


@article{DBLP:journals/ese/VasilescuSGM14,
  author    = {Bogdan Vasilescu and
               Alexander Serebrenik and
               Mathieu Goeminne and
               Tom Mens},
  title     = {On the variation and specialisation of workload - {A} case study of
               the Gnome ecosystem community},
  journal   = {Empirical Software Engineering},
  volume    = {19},
  number    = {4},
  pages     = {955--1008},
  year      = {2014}
}


@inproceedings{DBLP:conf/se/KindlerRS06,
  author    = {Ekkart Kindler and
               Vladimir A. Rubin and
               Wilhelm Sch{\"{a}}fer},
  title     = {Activity Mining for Discovering Software Process Models},
  booktitle = {Software Engineering},
  series    = {{LNI}},
  volume    = {{P-79}},
  pages     = {175--180},
  publisher = {{GI}},
  year      = {2006}
}



@inproceedings{DBLP:conf/icst/ZaidmanRDD08,
  author    = {Andy Zaidman and
               Bart Van Rompaey and
               Serge Demeyer and
               Arie van Deursen},
  title     = {Mining Software Repositories to Study Co-Evolution of Production {\&}
               Test Code},
  booktitle = {{ICST}},
  pages     = {220--229},
  publisher = {{IEEE} Computer Society},
  year      = {2008}
}


@inproceedings{DBLP:conf/csmr/PoncinSB11,
  author    = {Wouter Poncin and
               Alexander Serebrenik and
               Mark van den Brand},
  title     = {Process Mining Software Repositories},
  booktitle = {{CSMR}},
  pages     = {5--14},
  publisher = {{IEEE} Computer Society},
  year      = {2011}
}


@inproceedings{DBLP:conf/caise/BeheshtiBN13,
  author    = {Seyed{-}Mehdi{-}Reza Beheshti and
               Boualem Benatallah and
               Hamid R. {Motahari Nezhad}},
  title     = {Enabling the Analysis of Cross-Cutting Aspects in Ad-Hoc Processes},
  booktitle = {CAiSE},
  series    = {LNCS},
  volume    = {7908},
  pages     = {51--67},
  publisher = {Springer},
  year      = {2013}
}

@inproceedings{DBLP:conf/wecwis/MarquesSF18,
  author    = {Rita Marques and
               Miguel Mira da Silva and
               Diogo R. Ferreira},
  title     = {Assessing Agile Software Development Processes with Process Mining:
               {A} Case Study},
  booktitle = {{CBI} {(1)}},
  pages     = {109--118},
  publisher = {{IEEE} Computer Society},
  year      = {2018}
}

@book{DBLP:books/daglib/0037629,
  author    = {Philippe Kruchten},
  title     = {The Rational Unified Process - An Introduction, 3rd Edition},
  series    = {Addison Wesley object technology series},
  publisher = {Addison-Wesley},
  year      = {2004}
} 

@inproceedings{DBLP:conf/seaa/HeijstekC08,
  author    = {Werner Heijstek and
               Michel R. V. Chaudron},
  title     = {Evaluating {RUP} Software Development Processes Through Visualization
               of Effort Distribution},
  booktitle = {{EUROMICRO-SEAA}},
  pages     = {266--273},
  publisher = {{IEEE} Computer Society},
  year      = {2008}
}

@inproceedings{DBLP:conf/msr/RodriguezTK18,
  author    = {Ariel Rodr{\'{\i}}guez and
               Fumiya Tanaka and
               Yasutaka Kamei},
  title     = {Empirical study on the relationship between developer's working habits
               and efficiency},
  booktitle = {{MSR}},
  pages     = {74--77},
  publisher = {{ACM}},
  year      = {2018}
}

@inproceedings{DBLP:conf/msr/JoonbakhshS18,
  author    = {Alireza Joonbakhsh and
               Ashkan Sami},
  title     = {Mining and extraction of personal software process measures through
               {IDE} interaction logs},
  booktitle = {{MSR}},
  pages     = {78--81},
  publisher = {{ACM}},
  year      = {2018}
}

@inproceedings{DBLP:conf/er/TsourySR18,
  author    = {Arava Tsoury and
               Pnina Soffer and
               Iris Reinhartz{-}Berger},
  title     = {A Conceptual Framework for Supporting Deep Exploration of Business
               Process Behavior},
  booktitle = {{ER}},
  series    = {LNCS},
  volume    = {11157},
  pages     = {58--71},
  publisher = {Springer},
  year      = {2018}
}

@book{kruchten2004rational,
  title={The rational unified process: an introduction},
  author={Kruchten, Philippe},
  year={2004},
  publisher={Addison-Wesley Professional}
}


@inproceedings{DBLP:conf/edoc/AgrawalATBRT16,
  author    = {Kushal Agrawal and
               Michael Aschauer and
               Thomas Thonhofer and
               Saimir Bala and
               Andreas Rogge{-}Solti and
               Nico Tomsich},
  title     = {Resource Classification from Version Control System Logs},
  booktitle = {{EDOC} Workshops},
  pages     = {1--10},
  publisher = {{IEEE} Computer Society},
  year      = {2016}
}

@inproceedings{DBLP:conf/bpm/BalaRGBMS17,
  author    = {Saimir Bala and
               Kate Revoredo and
               Jo{\~{a}}o Carlos de A. R. Gon{\c{c}}alves and
               Fernanda Araujo Bai{\~{a}}o and
               Jan Mendling and
               Fl{\'{a}}via Maria Santoro},
  title     = {Uncovering the Hidden Co-evolution in the Work History of Software
               Projects},
  booktitle = {{BPM}},
  series    = {LNCS},
  volume    = {10445},
  pages     = {164--180},
  publisher = {Springer},
  year      = {2017}
}

@article{gini1921measurement,
  title={Measurement of inequality of incomes},
  author={Gini, Corrado},
  journal={The Economic Journal},
  volume={31},
  number={121},
  pages={124--126},
  year={1921},
  publisher={JSTOR}
}

@article{DBLP:journals/tvcg/SedlmairMM12,
  author    = {Michael Sedlmair and
               Miriah D. Meyer and
               Tamara Munzner},
  title     = {Design Study Methodology: Reflections from the Trenches and the Stacks},
  journal   = {{IEEE} Trans. Vis. Comput. Graph.},
  volume    = {18},
  number    = {12},
  pages     = {2431--2440},
  year      = {2012}
}


@article{DBLP:journals/ivs/MeyerSQM15,
  author    = {Miriah D. Meyer and
               Michael Sedlmair and
               P. Samuel Quinan and
               Tamara Munzner},
  title     = {The nested blocks and guidelines model},
  journal   = {Information Visualization},
  volume    = {14},
  number    = {3},
  pages     = {234--249},
  year      = {2015}
}


@article{DBLP:journals/tvcg/LamTM18,
  author    = {Heidi Lam and
               Melanie Tory and
               Tamara Munzner},
  title     = {Bridging from Goals to Tasks with Design Study Analysis Reports},
  journal   = {{IEEE} Trans. Vis. Comput. Graph.},
  volume    = {24},
  number    = {1},
  pages     = {435--445},
  year      = {2018}
}

@inproceedings{DBLP:conf/er/ZhangZPX18,
  author    = {Guangxuan Zhang and
               Yilu Zhou and
               Sandeep Purao and
               Heng Xu},
  title     = {Extracting Conflict Models from Interaction Traces in Virtual Collaborative
               Work},
  booktitle = {{ER} Workshops},
  series    = {LNCS},
  volume    = {11158},
  pages     = {295--305},
  publisher = {Springer},
  year      = {2018}
}