@article{DBLP:journals/software/Aaen03,
  author    = {Ivan Aaen},
  title     = {Software Process Improvement: Blueprints versus Recipes},
  journal   = {{IEEE} Softw.},
  volume    = {20},
  number    = {5},
  pages     = {86--93},
  year      = {2003},
  url       = {https://doi.org/10.1109/MS.2003.1231159},
  doi       = {10.1109/MS.2003.1231159},
  timestamp = {Mon, 08 Jun 2020 22:32:34 +0200},
  biburl    = {https://dblp.org/rec/journals/software/Aaen03.bib},
  bibsource = {dblp computer science bibliography, https://dblp.org}
}

@article{DBLP:journals/imds/Aboelmaged10,
	author    = {Mohamed Gamal Aboelmaged},
	title     = {Predicting e-procurement adoption in a developing country: An empirical
	integration of technology acceptance model and theory of planned behaviour},
	journal   = {Ind. Manag. Data Syst.},
	volume    = {110},
	number    = {3},
	pages     = {392--414},
	year      = {2010},
	url       = {https://doi.org/10.1108/02635571011030042},
	doi       = {10.1108/02635571011030042},
	timestamp = {Sat, 25 Apr 2020 13:54:48 +0200},
	biburl    = {https://dblp.org/rec/journals/imds/Aboelmaged10.bib},
	bibsource = {dblp computer science bibliography, https://dblp.org}
}

@article{atkinson1999project,
	title={Project management: cost, time and quality, two best guesses and a phenomenon, its time to accept other success criteria},
	author={Atkinson, Roger},
	journal={International journal of project management},
	volume={17},
	number={6},
	pages={337--342},
	year={1999},
	publisher={Elsevier}
}

@book{avison2003information,
	title={Information systems development: methodologies, techniques and tools},
	author={Avison, David and Fitzgerald, Guy},
	year={2003},
	publisher={McGraw-Hill}
}


@article{DBLP:journals/ese/ChoetkiertikulD17,
	author    = {Morakot Choetkiertikul and
	Hoa Khanh Dam and
	Truyen Tran and
	Aditya Ghose},
	title     = {Predicting the delay of issues with due dates in software projects},
	journal   = {Empir. Softw. Eng.},
	volume    = {22},
	number    = {3},
	pages     = {1223--1263},
	year      = {2017},
	url       = {https://doi.org/10.1007/s10664-016-9496-7},
	doi       = {10.1007/s10664-016-9496-7},
	timestamp = {Tue, 25 Aug 2020 16:58:31 +0200},
	biburl    = {https://dblp.org/rec/journals/ese/ChoetkiertikulD17.bib},
	bibsource = {dblp computer science bibliography, https://dblp.org}
}

@article{cooper1990information,
	title={Information technology implementation research: a technological diffusion approach},
	author={Cooper, Randolph B and Zmud, Robert W},
	journal={Management science},
	volume={36},
	number={2},
	pages={123--139},
	year={1990},
	publisher={INFORMS}
}

@article{DBLP:journals/isj/Fitzgerald96,
	author    = {Brian Fitzgerald},
	title     = {Formalized systems development methodologies: a critical perspective},
	journal   = {Inf. Syst. J.},
	volume    = {6},
	number    = {1},
	pages     = {3--24},
	year      = {1996},
	url       = {https://doi.org/10.1046/j.1365-2575.1996.00100.x},
	doi       = {10.1046/j.1365-2575.1996.00100.x},
	timestamp = {Thu, 18 Oct 2018 16:08:22 +0200},
	biburl    = {https://dblp.org/rec/journals/isj/Fitzgerald96.bib},
	bibsource = {dblp computer science bibliography, https://dblp.org}
}

@article{DBLP:journals/iam/Fitzgerald98,
	author    = {Brian Fitzgerald},
	title     = {An empirical investigation into the adoption of systems development
	methodologies},
	journal   = {Inf. Manag.},
	volume    = {34},
	number    = {6},
	pages     = {317--328},
	year      = {1998},
	url       = {https://doi.org/10.1016/S0378-7206(98)00072-X},
	doi       = {10.1016/S0378-7206(98)00072-X},
	timestamp = {Thu, 20 Feb 2020 15:43:17 +0100},
	biburl    = {https://dblp.org/rec/journals/iam/Fitzgerald98.bib},
	bibsource = {dblp computer science bibliography, https://dblp.org}
}

@article{DBLP:journals/iam/Gallivan03,
	author    = {Michael J. Gallivan},
	title     = {The influence of software developers' creative style on their attitudes
	to and assimilation of a software process innovation},
	journal   = {Inf. Manag.},
	volume    = {40},
	number    = {5},
	pages     = {443--465},
	year      = {2003},
	url       = {https://doi.org/10.1016/S0378-7206(02)00039-3},
	doi       = {10.1016/S0378-7206(02)00039-3},
	timestamp = {Thu, 20 Feb 2020 15:43:23 +0100},
	biburl    = {https://dblp.org/rec/journals/iam/Gallivan03.bib},
	bibsource = {dblp computer science bibliography, https://dblp.org}
}

@article{DBLP:journals/infsof/GreenHC05,
	author    = {Gina C. Green and
	Alan R. Hevner and
	Rosann Webb Collins},
	title     = {The impacts of quality and productivity perceptions on the use of
	software process improvement innovations},
	journal   = {Inf. Softw. Technol.},
	volume    = {47},
	number    = {8},
	pages     = {543--553},
	year      = {2005},
	url       = {https://doi.org/10.1016/j.infsof.2004.10.004},
	doi       = {10.1016/j.infsof.2004.10.004},
	timestamp = {Thu, 20 Feb 2020 13:20:49 +0100},
	biburl    = {https://dblp.org/rec/journals/infsof/GreenHC05.bib},
	bibsource = {dblp computer science bibliography, https://dblp.org}
}

@article{hovelja2015exploring,
	title={Exploring the influences of the use of elements comprising information system development methodologies on strategic business goals},
	author={Hovelja, Toma{\v{z}} and Vasilecas, Olegas and Vavpoti{\v{c}}, Damjan},
	journal={Technological and economic development of economy},
	volume={21},
	number={6},
	pages={885--898},
	year={2015},
	publisher={Taylor \& Francis}
}

@inproceedings{DBLP:conf/caise/IivariH01,
	author    = {Juhani Iivari and
	Magda Huisman},
	editor    = {Klaus R. Dittrich and
	Andreas Geppert and
	Moira C. Norrie},
	title     = {The Relationship Between Organisational Culture and the Deployment
	of Systems Development Methodologies},
	booktitle = {Advanced Information Systems Engineering, 13th International Conference,
	CAiSE 2001, Interlaken, Switzerland, June 4-8, 2001, Proceedings},
	series    = {Lecture Notes in Computer Science},
	volume    = {2068},
	pages     = {234--250},
	publisher = {Springer},
	year      = {2001},
	url       = {https://doi.org/10.1007/3-540-45341-5\_16},
	doi       = {10.1007/3-540-45341-5\_16},
	timestamp = {Tue, 14 May 2019 10:00:36 +0200},
	biburl    = {https://dblp.org/rec/conf/caise/IivariH01.bib},
	bibsource = {dblp computer science bibliography, https://dblp.org}
}

@article{DBLP:journals/iam/HuismanI06,
	author    = {Magda Huisman and
	Juhani Iivari},
	title     = {Deployment of systems development methodologies: Perceptual congruence
	between {IS} managers and systems developers},
	journal   = {Inf. Manag.},
	volume    = {43},
	number    = {1},
	pages     = {29--49},
	year      = {2006},
	url       = {https://doi.org/10.1016/j.im.2005.01.005},
	doi       = {10.1016/j.im.2005.01.005},
	timestamp = {Thu, 20 Feb 2020 15:43:51 +0100},
	biburl    = {https://dblp.org/rec/journals/iam/HuismanI06.bib},
	bibsource = {dblp computer science bibliography, https://dblp.org}
}

@article{DBLP:journals/ejis/KarlssonA09,
	author    = {Fredrik J. Karlsson and
	P{\"{a}}r J. {\AA}gerfalk},
	title     = {Exploring agile values in method configuration},
	journal   = {Eur. J. Inf. Syst.},
	volume    = {18},
	number    = {4},
	pages     = {300--316},
	year      = {2009},
	url       = {https://doi.org/10.1057/ejis.2009.20},
	doi       = {10.1057/ejis.2009.20},
	timestamp = {Fri, 13 Mar 2020 10:55:38 +0100},
	biburl    = {https://dblp.org/rec/journals/ejis/KarlssonA09.bib},
	bibsource = {dblp computer science bibliography, https://dblp.org}
}


@inproceedings{DBLP:conf/msr/MantylaADGO16,
	author    = {Mika M{\"{a}}ntyl{\"{a}} and
	Bram Adams and
	Giuseppe Destefanis and
	Daniel Graziotin and
	Marco Ortu},
	editor    = {Miryung Kim and
	Romain Robbes and
	Christian Bird},
	title     = {Mining valence, arousal, and dominance: possibilities for detecting
	burnout and productivity?},
	booktitle = {Proceedings of the 13th International Conference on Mining Software
	Repositories, {MSR} 2016, Austin, TX, USA, May 14-22, 2016},
	pages     = {247--258},
	publisher = {{ACM}},
	year      = {2016},
	url       = {https://doi.org/10.1145/2901739.2901752},
	doi       = {10.1145/2901739.2901752},
	timestamp = {Sat, 05 Sep 2020 18:03:47 +0200},
	biburl    = {https://dblp.org/rec/conf/msr/MantylaADGO16.bib},
	bibsource = {dblp computer science bibliography, https://dblp.org}
}


@inproceedings{DBLP:conf/icse/OrtuDKM15,
	author    = {Marco Ortu and
	Giuseppe Destefanis and
	Mohamad Kassab and
	Michele Marchesi},
	editor    = {Roberto Tonelli and
	Ewan D. Tempero and
	Steve Counsell and
	Corrado Aaron Visaggio},
	title     = {Measuring and Understanding the Effectiveness of {JIRA} Developers
	Communities},
	booktitle = {6th {IEEE/ACM} International Workshop on Emerging Trends in Software
	Metrics, WETSoM 2015, Florence, Italy, May 17, 2015},
	pages     = {3--10},
	publisher = {{IEEE} Copmuter Society},
	year      = {2015},
	url       = {https://doi.org/10.1109/WETSoM.2015.10},
	doi       = {10.1109/WETSoM.2015.10},
	timestamp = {Sat, 05 Sep 2020 18:02:16 +0200},
	biburl    = {https://dblp.org/rec/conf/icse/OrtuDKM15.bib},
	bibsource = {dblp computer science bibliography, https://dblp.org}
}


@inproceedings{DBLP:conf/msr/OrtuMDTTMA16,
	author    = {Marco Ortu and
	Alessandro Murgia and
	Giuseppe Destefanis and
	Parastou Tourani and
	Roberto Tonelli and
	Michele Marchesi and
	Bram Adams},
	editor    = {Miryung Kim and
	Romain Robbes and
	Christian Bird},
	title     = {The emotional side of software developers in {JIRA}},
	booktitle = {Proceedings of the 13th International Conference on Mining Software
	Repositories, {MSR} 2016, Austin, TX, USA, May 14-22, 2016},
	pages     = {480--483},
	publisher = {{ACM}},
	year      = {2016},
	url       = {https://doi.org/10.1145/2901739.2903505},
	doi       = {10.1145/2901739.2903505},
	timestamp = {Sat, 05 Sep 2020 18:03:47 +0200},
	biburl    = {https://dblp.org/rec/conf/msr/OrtuMDTTMA16.bib},
	bibsource = {dblp computer science bibliography, https://dblp.org}
}

@inproceedings{DBLP:conf/caise/RalyteDR03,
	author    = {Jolita Ralyt{\'{e}} and
	R{\'{e}}becca Deneck{\`{e}}re and
	Colette Rolland},
	editor    = {Johann Eder and
	Michele Missikoff},
	title     = {Towards a Generic Model for Situational Method Engineering},
	booktitle = {Advanced Information Systems Engineering, 15th International Conference,
	CAiSE 2003, Klagenfurt, Austria, June 16-18, 2003, Proceedings},
	series    = {Lecture Notes in Computer Science},
	volume    = {2681},
	pages     = {95--110},
	publisher = {Springer},
	year      = {2003},
	url       = {https://doi.org/10.1007/3-540-45017-3\_9},
	doi       = {10.1007/3-540-45017-3\_9},
	timestamp = {Tue, 14 May 2019 10:00:36 +0200},
	biburl    = {https://dblp.org/rec/conf/caise/RalyteDR03.bib},
	bibsource = {dblp computer science bibliography, https://dblp.org}
}

@article{DBLP:journals/tse/RiemenschneiderHD02,
	author    = {Cynthia K. Riemenschneider and
	Bill C. Hardgrave and
	Fred D. Davis},
	title     = {Explaining Software Developer Acceptance of Methodologies: {A} Comparison
	of Five Theoretical Models},
	journal   = {{IEEE} Trans. Software Eng.},
	volume    = {28},
	number    = {12},
	pages     = {1135--1145},
	year      = {2002},
	url       = {https://doi.org/10.1109/TSE.2002.1158287},
	doi       = {10.1109/TSE.2002.1158287},
	timestamp = {Fri, 09 Jun 2017 11:03:35 +0200},
	biburl    = {https://dblp.org/rec/journals/tse/RiemenschneiderHD02.bib},
	bibsource = {dblp computer science bibliography, https://dblp.org}
}

@book{rogers2010diffusion,
	title={Diffusion of innovations},
	author={Rogers, Everett M},
	year={2010},
	publisher={Simon and Schuster}
}

@article{DBLP:journals/infsof/VavpoticB09,
	author    = {Damjan Vavpotic and
	Marko Bajec},
	title     = {An approach for concurrent evaluation of technical and social aspects
	of software development methodologies},
	journal   = {Inf. Softw. Technol.},
	volume    = {51},
	number    = {2},
	pages     = {528--545},
	year      = {2009},
	url       = {https://doi.org/10.1016/j.infsof.2008.06.001},
	doi       = {10.1016/j.infsof.2008.06.001},
	timestamp = {Thu, 20 Feb 2020 13:20:37 +0100},
	biburl    = {https://dblp.org/rec/journals/infsof/VavpoticB09.bib},
	bibsource = {dblp computer science bibliography, https://dblp.org}
}

@article{DBLP:journals/comsis/VavpoticH12,
author    = {Damjan Vavpotic and
Tomaz Hovelja},
title     = {Improving the evaluation of software development methodology adoption
and its impact on enterprise performance},
journal   = {Comput. Sci. Inf. Syst.},
volume    = {9},
number    = {1},
pages     = {165--187},
year      = {2012},
url       = {https://doi.org/10.2298/CSIS110503072V},
doi       = {10.2298/CSIS110503072V},
timestamp = {Tue, 21 May 2019 18:03:36 +0200},
biburl    = {https://dblp.org/rec/journals/comsis/VavpoticH12.bib},
bibsource = {dblp computer science bibliography, https://dblp.org}
}

@article{venkatesh2000theoretical,
	title={A theoretical extension of the technology acceptance model: Four longitudinal field studies},
	author={Venkatesh, Viswanath and Davis, Fred D},
	journal={Management science},
	volume={46},
	number={2},
	pages={186--204},
	year={2000},
	publisher={INFORMS}
}

@article{DBLP:journals/behaviourIT/WangLH13,
author    = {Wei Wang and
Xixi Li and
J. J. Po{-}An Hsieh},
title     = {The contingent effect of personal {IT} innovativeness and {IT} self-efficacy
on innovative use of complex {IT}},
journal   = {Behav. Inf. Technol.},
volume    = {32},
number    = {11},
pages     = {1105--1124},
year      = {2013},
url       = {https://doi.org/10.1080/0144929X.2011.566940},
doi       = {10.1080/0144929X.2011.566940},
timestamp = {Thu, 12 Mar 2020 17:19:15 +0100},
biburl    = {https://dblp.org/rec/journals/behaviourIT/WangLH13.bib},
bibsource = {dblp computer science bibliography, https://dblp.org}
}

@book{yin2017case,
	title={Case study research and applications: Design and methods},
	author={Yin, Robert K},
	year={2017},
	publisher={Sage publications}
}

















